<record><leader>00000cas a22000007a 4500</leader><controlfield tag="001">9403719</controlfield><controlfield tag="008">830413d18071810mdudn ne      0    0eng  </controlfield><controlfield tag="009">466</controlfield><datafield ind1=" " ind2=" " tag="010"><subfield code="a">sn 83016097 </subfield></datafield><datafield ind1=" " ind2=" " tag="040"><subfield code="a">DLC</subfield><subfield code="b">eng</subfield><subfield code="c">DLC</subfield><subfield code="d">NPX</subfield><subfield code="d">YOX</subfield><subfield code="d">MFN</subfield><subfield code="d">KRTAS</subfield></datafield><datafield ind1="1" ind2=" " tag="029"><subfield code="a">AU@</subfield><subfield code="b">000025835203</subfield></datafield><datafield ind1=" " ind2=" " tag="042"><subfield code="a">msc</subfield></datafield><datafield ind1="0" ind2="0" tag="050"><subfield code="a">Newspaper 8066-X</subfield></datafield><datafield ind1="0" ind2=" " tag="130"><subfield code="a">Whig (Baltimore, Md. : Daily)</subfield></datafield><datafield ind1="0" ind2="4" tag="245"><subfield code="a">The Whig.</subfield></datafield><datafield ind1=" " ind2=" " tag="260"><subfield code="a">Baltimore, Md. :</subfield><subfield code="b">Democratic Republican Association, or, Whig Club,</subfield></datafield><datafield ind1=" " ind2=" " tag="300"><subfield code="a">v.</subfield></datafield><datafield ind1=" " ind2=" " tag="310"><subfield code="a">Daily (except Sun.)</subfield></datafield><datafield ind1="0" ind2=" " tag="362"><subfield code="a">Vol. 1, no. 44 (Dec. 7, 1807)-v. 6, no. 816 (June 30, 1810).</subfield></datafield><datafield ind1=" " ind2=" " tag="515"><subfield code="a">Suspended for three weeks prior to May 23, 1808.</subfield></datafield><datafield ind1=" " ind2=" " tag="530"><subfield code="a">Also available on microfilm from the New York Public Library.</subfield></datafield><datafield ind1=" " ind2=" " tag="752"><subfield code="a">United States</subfield><subfield code="b">Maryland</subfield><subfield code="d">Baltimore.</subfield></datafield><datafield ind1="0" ind2=" " tag="775"><subfield code="t">Whig (Baltimore, Md. : Triweekly)</subfield><subfield code="w">(DLC)sn 83016096</subfield></datafield><datafield ind1="0" ind2="0" tag="780"><subfield code="t">Whig, or, Political telescope</subfield><subfield code="w">(DLC)sn 83016098</subfield></datafield><datafield ind1="0" ind2="0" tag="785"><subfield code="t">Baltimore Whig</subfield><subfield code="w">(DLC)sn 83016099</subfield></datafield><datafield ind1=" " ind2=" " tag="938"><subfield code="a">Kirtas Technologies, Inc.</subfield><subfield code="b">KRTS</subfield><subfield code="n">736490</subfield></datafield></record>